<?xml version="1.0" encoding="UTF-8"?><record xmlns="http://www.loc.gov/MARC21/slim" xmlns:cinclude="http://apache.org/cocoon/include/1.0" xmlns:zs="http://www.loc.gov/zing/srw/">
  <leader>00482nz  a2200145n  4500</leader>
  <controlfield tag="001">no2003067867</controlfield>
  <controlfield tag="003">DLC</controlfield>
  <controlfield tag="005">20030710052314.0</controlfield>
  <controlfield tag="008">030709n| acannaabn          |a aaa     c</controlfield>
  <datafield tag="010" ind1=" " ind2=" ">
    <subfield code="a">no2003067867</subfield>
  </datafield>
  <datafield tag="035" ind1=" " ind2=" ">
    <subfield code="a">(OCoLC)oca06095393</subfield>
  </datafield>
  <datafield tag="040" ind1=" " ind2=" ">
    <subfield code="a">ICU</subfield>
    <subfield code="b">eng</subfield>
    <subfield code="c">ICU</subfield>
  </datafield>
  <datafield tag="100" ind1="1" ind2=" ">
    <subfield code="a">Kozyreva, I. V.</subfield>
    <subfield code="q">(Inna Vladimirovna)</subfield>
  </datafield>
  <datafield tag="400" ind1="1" ind2=" ">
    <subfield code="a">Kozyreva, Inna Vladimirovna</subfield>
  </datafield>
  <datafield tag="670" ind1=" " ind2=" ">
    <subfield code="a">Nemet︠s︡ko-russkiĭ slovarʹ-spravochnik po iskusstvu, 2002:</subfield>
    <subfield code="b">t.p. (I.V. Kozyreva) colophon (Kozyreva Inna Vladimirovna)</subfield>
  </datafield>
</record>